<?xml version="1.0" encoding="UTF-8"?><collection xmlns="http://www.loc.gov/MARC21/slim"><record><leader>00420nam--2200145-i-4500</leader><controlfield tag="001">000023061</controlfield><controlfield tag="002">20161230</controlfield><controlfield tag="005">20161230201034</controlfield><controlfield tag="008">060222s1000------------r-----000-0-eng-d</controlfield><datafield ind1=" " ind2=" " tag="080"><subfield code="a">546.91</subfield></datafield><datafield ind1=" " ind2=" " tag="100"><subfield code="a">Griffith, W. P</subfield></datafield><datafield ind1=" " ind2=" " tag="245"><subfield code="a">The chemistry of the rarer platinum metals ( os, ru, ir and rh )</subfield></datafield><datafield ind1=" " ind2=" " tag="260"><subfield code="a">London, John Wiley &amp; Sons, 1967. Ix + 491p</subfield></datafield><datafield ind1=" " ind2=" " tag="490"><subfield code="a">Interscience Mono-graphs On Chemistry)</subfield></datafield><datafield ind1=" " ind2=" " tag="852"><subfield code="a">34999</subfield></datafield></record></collection>